<?xml version="1.0" encoding="UTF-8"?><collection xmlns="http://www.loc.gov/MARC21/slim"><record><leader>00541nam--2200169-i-4500</leader><controlfield tag="001">000032685</controlfield><controlfield tag="002">20161230</controlfield><controlfield tag="005">20161230201039</controlfield><controlfield tag="008">060222s1000------------r-----000-0-eng-d</controlfield><datafield ind1=" " ind2=" " tag="040"><subfield code="a">IFIN-HH</subfield></datafield><datafield ind1=" " ind2=" " tag="080"><subfield code="a">53.001.6(061.3)</subfield></datafield><datafield ind1="1" ind2=" " tag="100"><subfield code="a">Mehra, Jagdish</subfield></datafield><datafield ind1="1" ind2="0" tag="245"><subfield code="a">The solvay conferences on physics. aspects of the development of physics since 1911. with a foreword by werner heisenberg</subfield><subfield code="c">Jagdish mehra</subfield></datafield><datafield ind1=" " ind2=" " tag="260"><subfield code="a">Doedrecht</subfield><subfield code="b">D.Reidel Publishing Company</subfield><subfield code="c">1975</subfield></datafield><datafield ind1=" " ind2=" " tag="300"><subfield code="a">XXXII+415P</subfield></datafield><datafield ind1=" " ind2=" " tag="852"><subfield code="a">45576</subfield><subfield code="c">53</subfield></datafield><datafield ind1=" " ind2=" " tag="CAT"><subfield code="a">Sys</subfield><subfield code="c">20150324</subfield><subfield code="h">110404</subfield></datafield></record></collection>